%% This BibTeX bibliography file was created using BibDesk.
%% https://bibdesk.sourceforge.io/

%% Created for Vinayak Bagdi at 2023-05-07 15:24:48 -0500 


%% Saved with string encoding Unicode (UTF-8) 



@manual{Mandalapu2023,
	author = {Varun Mandalapu, Lavanya Elluri, Piyush Vyas},
	date-added = {2023-05-07 15:21:12 -0500},
	date-modified = {2023-05-07 15:24:48 -0500},
	month = {March},
	title = {Crime Prediction Using Machine Learning and Deep Learning: A Systematic Review and Future Directions},
	year = {2023},
	bdsk-url-1 = {https://arxiv.org/abs/2303.16310}}

@manual{Saeed2015,
	author = {{Umair Saeed}},
	date-added = {2023-05-07 15:17:04 -0500},
	date-modified = {2023-05-07 15:18:16 -0500},
	organization = {{Umair Saeed,Muhammad Sarim, Amna Usmani, Aniqa Mukhtar}},
	title = {Application of Machine learning Algorithms in Crime Classification and Classification Rule Mining},
	year = {2015},
	bdsk-url-1 = {https://www.researchgate.net/publication/344099883_Application_of_Machine_learning_Algorithms_in_Crime_Classification_and_Classification_Rule_Mining}}

@manual{Travaini2022,
	author = {{Guido Vittorio Travaini,Federico Pacchioni, Silvia Bellumore, Marta Bosia, Francesco De Micco}},
	date-added = {2023-05-07 15:12:34 -0500},
	date-modified = {2023-05-07 15:13:39 -0500},
	month = {August},
	title = {Machine Learning and Criminal Justice: A Systematic Review of Advanced Methodology for Recidivism Risk Prediction},
	year = {2022},
	bdsk-url-1 = {https://www.ncbi.nlm.nih.gov/pmc/articles/PMC9517748/}}

@manual{RCore2023,
	address = {Vienna, Austria},
	author = {{R Core Team}},
	organization = {R Foundation for Statistical Computing},
	title = {R: A Language and Environment for Statistical Computing},
	url = {https://www.R-project.org/},
	year = {2023},
	bdsk-url-1 = {https://www.R-project.org/},
	bdsk-url-2 = {https://www.ncbi.nlm.nih.gov/pmc/articles/PMC9517748/}}
